@book{wals-2011,
  address   = {Munich},
  edition   = {2011},
  editor    = {Dryer, Matthew S. and Haspelmath, Martin},
  publisher = {Max Planck Digital Library},
  title     = {The World Atlas of Language Structures Online},
  url       = {http://wals.info/},
  year      = {2011}
}

@book{multitree,
  edition = {2009},
  year = {2009},
  editor = {Institute for Language Information and Technology (LINGUIST List)},
  title = {Multitree: A digital library of language relationships}, 
  address = {Ypsilanti, MI},
  publisher = {Eastern Michigan University},
  url = {http://multitree.org/}
}

@book{ethnologue,
  editor = {Lewis, M. Paul},
  edition = {Sixteenth},
  year = {2009},
  title = {Ethnologue: Languages of the World},
  address = {Dallas, TX},
  publisher = {SIL International},
  url = {Online version: http://www.ethnologue.com/}
}
